<?xml version="1.0" encoding="UTF-8"?><collection xmlns="http://www.loc.gov/MARC21/slim"><record><leader>00372nam--2200133-i-4500</leader><controlfield tag="001">000004711</controlfield><controlfield tag="002">20161230</controlfield><controlfield tag="005">20170218235200</controlfield><controlfield tag="008">060222s1000------------r-----000-0-eng-d</controlfield><datafield ind1=" " ind2=" " tag="100"><subfield code="a">Claude, Georges</subfield></datafield><datafield ind1=" " ind2=" " tag="245"><subfield code="a">Air liquide, oxigene, azote, gaz rares. Deuxieme edition revisee et mise a jour</subfield></datafield><datafield ind1=" " ind2=" " tag="260"><subfield code="a">Paris</subfield><subfield code="b">Dunod</subfield><subfield code="c">1926</subfield></datafield><datafield ind1=" " ind2=" " tag="300"><subfield code="a">424 p</subfield></datafield><datafield ind1=" " ind2=" " tag="CAT"><subfield code="a">SYS</subfield><subfield code="c">20170218</subfield><subfield code="h">235200</subfield></datafield></record></collection>